
@article{journals/acta/FinkelB74,
	added-at = {2011-01-11T00:00:00.000+0100},
	author = {Finkel, Raphael A. and Bentley, Jon Louis},
	biburl = {http://www.bibsonomy.org/bibtex/214f6ee1dbabe35b8e7304bdcae531454/dblp},
	ee = {http://dx.doi.org/10.1007/BF00288933},
	interhash = {c8408388c8a15802fe356df79ffc4308},
	intrahash = {14f6ee1dbabe35b8e7304bdcae531454},
	journal = {Acta Inf.},
	keywords = {dblp},
	pages = {1-9},
	timestamp = {2011-01-12T11:32:22.000+0100},
	title = {Quad Trees: A Data Structure for Retrieval on Composite Keys.},
	url = {http://dblp.uni-trier.de/db/journals/acta/acta4.html#FinkelB74},
	volume = 4,
	year = 1974
}

